% generate task data with hyper-gamma distribution
%@article{kassab2021,
%	title = {Green power aware approaches for scheduling independent tasks on a multi-core machine},
%	author = {Ayham Kassab and Jean-Marc Nicod and Laurent Philippe and Veronika Rehn-Sonigo},
%	journal = {Sustainable Computing: Informatics and Systems},
%	volume = {31},
%	year = {2021},
%	issn = {2210-5379},
%	doi = {10.1016/j.suscom.2021.100590},
%	url = {https://www.sciencedirect.com/science/article/pii/S2210537921000792}
%}

%@inproceedings{lu2018,
%	title={Energy-efficient task scheduling for data centers with unstable renewable energy: A robust optimization approach},
%	author={Lu, Yiwen and Wang, Ran and Wang, Ping and Cao, Yue and Hao, Jie and Zhu, Kun},
%	booktitle={2018 IEEE International Conference on Internet of Things (iThings) and IEEE Green Computing and Communications (GreenCom) and IEEE Cyber, Physical and Social Computing (CPSCom) and IEEE Smart Data (SmartData)},
%	pages={455--462},
%	year={2018},
%	organization={IEEE}
%}

% Predict E price methods
%@online{xiong2019,
%	author = {熊平},
%	title = {中短期电价预测模型简介},
%	url = {https://blog.xpgreat.com/p/epf_models/},
%	year = {2019},
%	month = {05},
%	day = {25},
%	organization = {XP's Blog},
%	note = {Licensed under CC BY-NC-SA 4.0}
%}